% Encoding: UTF-8

% Encoding: UTF-8

@Beamer{boehm1,
  author = {Christoph BÃ¶hm},
  title  = {State Space Control Systems},
  year   = {2023},
  journal = {Regelungstechnik Vertiefung 1}
}

@Article{Laborleitfaden,
  author = {Jasper Volmer},
  title  = {Laboratory Instructions},
  year   = {2022},
  journal = {Advanced Control Engineering}
}

@Article{Skript,
  author       = {Andreas Mehrle},
  title        = {State Space Systems},
  date         = {February 22},
  year          ={2021},
  journal        = {},
}

@Book{Lappe,
  author   = {Lappe, Rudolf},
  title    = {Leistungselektronik},
  isbn     = {3540181814},
  language = {ger},
  keywords = {Leistungselektronik},
  year     = {1988},
  publisher={Springer-Verlag},
}

@online{it_wissen,
	Note = {[Online]. \url{https://www.itwissen.info/Quantisierungsrauschen-quantization-noise.html}, \\Abruf am 30.05.2021}
}


%@Comment{jabref-meta: databaseType:bibtex;}


@Comment{jabref-meta: databaseType:bibtex;}
