@book{sch04,
	author={W.~Schneider and S.~Haas},
	title={Repetitorium Thermodynamik},
	booktitle={},
 	edition={2., "uberarbeitete Auflage},
    	publisher={Oldenbourg},
	address={{Wien M"unchen}},
    	year={2004}
}

@misc{meh10,
	author={A.~Mehrle},
	title={{Technische Mechanik II: Elastostatik}},
    	howpublished={Skriptum},
    	note={{Management Center Innsbruck}},
	year={2010}
}

@article{kat06,
	author={J.~Katz},
	title={Aerodynamics of Race Cars},
    	journal={Ann.~Rev.~of Fluid Mech.},
    	pages={27-63},
    	volume={38},
    	year={2006}
}

