@book{Sensoren,
	year = {2018},
	title = {Sensoren in Wissenschaft und Technik: Funktionsweise und Einsatzgebiete},
	address = {Wiesbaden},
	edition = {2.Auflage},
	publisher = {{Springer Fachmedien Wiesbaden}},
	isbn = {978-3-658-12562-2},
	editor = {Hering, Ekbert and Sch{\"o}nfelder, Gert},
	doi = {10.1007/978-3-658-12562-2},
	file = {2018{\_}Book{\_}SensorenInWissenschaftUndTechn:Attachments/2018{\_}Book{\_}SensorenInWissenschaftUndTechn.pdf:application/pdf}
}

@book{deutsch,
 year = {2020},
 title = {Elektrische Antriebe - Regelung von Antriebssystemen},
 url = {https://www.springer.com/de/book/9783662626993},
 price = {(Festeinband : EUR 129.99 (DE), EUR 133.63 (AT), CHF 143.50 (freier Preis), EUR 121.49)},
 address = {Berlin and Heidelberg},
 edition = {5. Auflage},
 publisher = {{Springer Vieweg}},
 isbn = {978-3-662-62700-6},
 editor = {Schr{\"o}der, Dierk and B{\"o}cker, Joachim}
}

