@book{Sensoren,
 year = {2018},
 title = {Sensoren in Wissenschaft und Technik: Funktionsweise und Einsatzgebiete},
 address = {Wiesbaden},
 edition = {2.Auflage},
 publisher = {{Springer Fachmedien Wiesbaden}},
 isbn = {978-3-658-12562-2},
 editor = {Hering, Ekbert and Sch{\"o}nfelder, Gert},
 doi = {10.1007/978-3-658-12562-2},
 file = {2018{\_}Book{\_}SensorenInWissenschaftUndTechn:Attachments/2018{\_}Book{\_}SensorenInWissenschaftUndTechn.pdf:application/pdf}
}

%%%%%%%%%%%%%%%%%%%%%%%%%%%%%%%%%%%%%%%%
@book{Lab1,
 title = {Control Engineering 3 Laboratory Work: Lab 1 - Control of water level in reservoirs},
 publisher = {{Management Center Innsbruck}},
}

@book{Lab2,
 title = {Laboratory Instructions - Advanced Control Engineering 1 - Non-Linear Control of a Water Tank System},
 publisher = {{Management Center Innsbruck}},
 author = { McGuiness, Daniel and Mehrle, Andreas},
 year = {2023},
}

@book{SSS_mehrle,
 title = {State Space Systems: Linear, Nonlinear, Optimal \& Adaptive Control},
 publisher = {{Management Center Innsbruck}},
 author = {Mehrle, Andreas},
 year = {2021},
}

@MISC{Reckitt,
	AUTHOR = "{Shareholdervalue}",
	TITLE ="{Reckitt Benckiser}" ,
	url ="{https://www.shareholdervalue.de/blog/aktie/reckitt-benckiser-aktie-hygienespezialist-ist-gut-positioniert}",
	YEAR ={24.01.2023}
}

@MISC{durex,
	AUTHOR = "{Durex}",
	TITLE ="{Durex}" ,
	url ="{https://durex.at/}",
}

@online{durex_microscope,
  author = {{Reckitt}},
  title = {Durex: Under the Microscope},
  year = {2020},
  url = {https://reckitt.com/our-stories/2020/durex-under-the-microscope/}
}


@MISC{NPC,
	AUTHOR = "{Bain & Company}",
	TITLE ="{Net Promoter Score}" ,
	url ="{https://www.netpromotersystem.com/about/measuring-your-net-promoter-score/}",

}

}